%YAML 1.1
%TAG !u! tag:unity3d.com,2011:
--- !u!1 &146186
GameObject:
  m_ObjectHideFlags: 1
  m_PrefabParentObject: {fileID: 0}
  m_PrefabInternal: {fileID: 100100000}
  serializedVersion: 4
  m_Component:
  - 4: {fileID: 446840}
  - 60: {fileID: 6034656}
  m_Layer: 0
  m_Name: collider 1
  m_TagString: road
  m_Icon: {fileID: 0}
  m_NavMeshLayer: 0
  m_StaticEditorFlags: 0
  m_IsActive: 1
--- !u!1 &188426
GameObject:
  m_ObjectHideFlags: 0
  m_PrefabParentObject: {fileID: 0}
  m_PrefabInternal: {fileID: 100100000}
  serializedVersion: 4
  m_Component:
  - 4: {fileID: 457098}
  - 114: {fileID: 11468958}
  m_Layer: 0
  m_Name: beachFinish2
  m_TagString: bridge
  m_Icon: {fileID: 0}
  m_NavMeshLayer: 0
  m_StaticEditorFlags: 0
  m_IsActive: 1
--- !u!1 &189786
GameObject:
  m_ObjectHideFlags: 1
  m_PrefabParentObject: {fileID: 0}
  m_PrefabInternal: {fileID: 100100000}
  serializedVersion: 4
  m_Component:
  - 4: {fileID: 425518}
  - 60: {fileID: 6031232}
  m_Layer: 0
  m_Name: collider
  m_TagString: road
  m_Icon: {fileID: 0}
  m_NavMeshLayer: 0
  m_StaticEditorFlags: 0
  m_IsActive: 1
--- !u!1 &192522
GameObject:
  m_ObjectHideFlags: 0
  m_PrefabParentObject: {fileID: 0}
  m_PrefabInternal: {fileID: 100100000}
  serializedVersion: 4
  m_Component:
  - 4: {fileID: 491558}
  - 212: {fileID: 21202384}
  m_Layer: 0
  m_Name: water
  m_TagString: Untagged
  m_Icon: {fileID: 0}
  m_NavMeshLayer: 0
  m_StaticEditorFlags: 0
  m_IsActive: 0
--- !u!4 &425518
Transform:
  m_ObjectHideFlags: 1
  m_PrefabParentObject: {fileID: 0}
  m_PrefabInternal: {fileID: 100100000}
  m_GameObject: {fileID: 189786}
  m_LocalRotation: {x: 0, y: 0, z: 0, w: 1}
  m_LocalPosition: {x: 0, y: 0, z: 0}
  m_LocalScale: {x: 1, y: 1, z: 1}
  m_LocalEulerAnglesHint: {x: 0, y: 0, z: 0}
  m_Children: []
  m_Father: {fileID: 491558}
  m_RootOrder: 0
--- !u!4 &446840
Transform:
  m_ObjectHideFlags: 1
  m_PrefabParentObject: {fileID: 0}
  m_PrefabInternal: {fileID: 100100000}
  m_GameObject: {fileID: 146186}
  m_LocalRotation: {x: 0, y: 0, z: 0, w: 1}
  m_LocalPosition: {x: -0, y: 0, z: 0}
  m_LocalScale: {x: 1, y: 1, z: 1}
  m_LocalEulerAnglesHint: {x: 0, y: 0, z: 0}
  m_Children: []
  m_Father: {fileID: 491558}
  m_RootOrder: 1
--- !u!4 &457098
Transform:
  m_ObjectHideFlags: 1
  m_PrefabParentObject: {fileID: 0}
  m_PrefabInternal: {fileID: 100100000}
  m_GameObject: {fileID: 188426}
  m_LocalRotation: {x: 0, y: 0, z: 0, w: 1}
  m_LocalPosition: {x: 136.32, y: 48.89, z: 0}
  m_LocalScale: {x: 1, y: 1, z: 1}
  m_LocalEulerAnglesHint: {x: 0, y: 0, z: 0}
  m_Children:
  - {fileID: 491558}
  m_Father: {fileID: 0}
  m_RootOrder: 0
--- !u!4 &491558
Transform:
  m_ObjectHideFlags: 1
  m_PrefabParentObject: {fileID: 0}
  m_PrefabInternal: {fileID: 100100000}
  m_GameObject: {fileID: 192522}
  m_LocalRotation: {x: 0, y: 0, z: 0, w: 1}
  m_LocalPosition: {x: 16.6, y: -1, z: 1}
  m_LocalScale: {x: 3.2877946, y: 0.43083352, z: 1.7233326}
  m_LocalEulerAnglesHint: {x: 0, y: 0, z: 0}
  m_Children:
  - {fileID: 425518}
  - {fileID: 446840}
  m_Father: {fileID: 457098}
  m_RootOrder: 0
--- !u!60 &6031232
PolygonCollider2D:
  m_ObjectHideFlags: 1
  m_PrefabParentObject: {fileID: 0}
  m_PrefabInternal: {fileID: 100100000}
  m_GameObject: {fileID: 189786}
  m_Enabled: 1
  m_Density: 1
  m_Material: {fileID: 0}
  m_IsTrigger: 0
  m_UsedByEffector: 0
  m_Offset: {x: 0, y: 0}
  m_Points:
    m_Paths:
    - - {x: 2.5032406, y: 1.2475461}
      - {x: 3.764349, y: -0.35779858}
      - {x: -3.6380105, y: -0.41194662}
      - {x: -2.232511, y: 1.1573032}
--- !u!60 &6034656
PolygonCollider2D:
  m_ObjectHideFlags: 1
  m_PrefabParentObject: {fileID: 0}
  m_PrefabInternal: {fileID: 100100000}
  m_GameObject: {fileID: 146186}
  m_Enabled: 1
  m_Density: 1
  m_Material: {fileID: 0}
  m_IsTrigger: 0
  m_UsedByEffector: 0
  m_Offset: {x: 0, y: 0}
  m_Points:
    m_Paths:
    - - {x: 5.0300536, y: -3.806078}
      - {x: 5.244339, y: -4.8519125}
      - {x: 2.8126955, y: -4.075798}
      - {x: -2.9168468, y: -4.034149}
      - {x: -5.112186, y: -4.5647683}
      - {x: -5.1315293, y: -3.7092369}
      - {x: -3.0086117, y: -3.238575}
      - {x: 2.8752606, y: -3.1924238}
--- !u!114 &11468958
MonoBehaviour:
  m_ObjectHideFlags: 1
  m_PrefabParentObject: {fileID: 0}
  m_PrefabInternal: {fileID: 100100000}
  m_GameObject: {fileID: 188426}
  m_Enabled: 1
  m_EditorHideFlags: 0
  m_Script: {fileID: 11500000, guid: aaa262999eacdb44bab0efcfb139263d, type: 3}
  m_Name: 
  m_EditorClassIdentifier: 
  vs:
  - {x: 0, y: 0, z: 0}
  - {x: 2.5133724, y: 0, z: 0}
  - {x: 4.9708414, y: 0.85388607, z: 0}
  - {x: 7.1256123, y: 0, z: 0}
  - {x: 12.12561, y: -1.9813843, z: 0}
  - {x: 10.565543, y: -1.1701281, z: 0}
  - {x: 13.74511, y: -2.527176, z: 0}
  - {x: 15.396645, y: -3.2320557, z: 0}
  - {x: 16.140686, y: -3.038807, z: 0}
  - {x: 18.83133, y: -3.640503, z: 0}
  - {x: 20.90091, y: -4.1033134, z: 0}
  - {x: 19.299648, y: -3.7760124, z: 0}
  - {x: 24.268799, y: -4.3305206, z: 0}
  - {x: 26.355103, y: -4.5633316, z: 0}
  - {x: 28.872742, y: -4.691147, z: 0}
  - {x: 31.54953, y: -4.691147, z: 0}
  vs0: []
  vs1: []
  modes: 010000000100000001000000010000000100000001000000
  segments: 10
  type: 0
  override_height: 1
  insert_layer: 0
  blend_curve:
    serializedVersion: 2
    m_Curve:
    - time: 0
      value: 0.5020408
      inSlope: 0
      outSlope: 0
      tangentMode: 0
    - time: 0.18732782
      value: 1
      inSlope: 0
      outSlope: 0
      tangentMode: 0
    - time: 0.8236914
      value: 1
      inSlope: 0
      outSlope: 0
      tangentMode: 0
    - time: 1
      value: 0.49387756
      inSlope: 0
      outSlope: 0
      tangentMode: 0
    m_PreInfinity: 2
    m_PostInfinity: 2
    m_RotationOrder: 0
  use_states: 0
  state_slider: 0.26265663
  objects:
  - {fileID: 192522}
--- !u!212 &21202384
SpriteRenderer:
  m_ObjectHideFlags: 1
  m_PrefabParentObject: {fileID: 0}
  m_PrefabInternal: {fileID: 100100000}
  m_GameObject: {fileID: 192522}
  m_Enabled: 1
  m_CastShadows: 0
  m_ReceiveShadows: 0
  m_Materials:
  - {fileID: 10754, guid: 0000000000000000e000000000000000, type: 0}
  m_SubsetIndices: 
  m_StaticBatchRoot: {fileID: 0}
  m_UseLightProbes: 1
  m_ReflectionProbeUsage: 1
  m_ProbeAnchor: {fileID: 0}
  m_ScaleInLightmap: 1
  m_PreserveUVs: 0
  m_IgnoreNormalsForChartDetection: 0
  m_ImportantGI: 0
  m_MinimumChartSize: 4
  m_AutoUVMaxDistance: 0.5
  m_AutoUVMaxAngle: 89
  m_LightmapParameters: {fileID: 0}
  m_SortingLayerID: 0
  m_SortingOrder: 100
  m_Sprite: {fileID: 21300000, guid: 7a7f0ded3f5f44084bcd75129cb7eb90, type: 3}
  m_Color: {r: 1, g: 1, b: 1, a: 1}
  m_FlipX: 0
  m_FlipY: 0
--- !u!1001 &100100000
Prefab:
  m_ObjectHideFlags: 1
  serializedVersion: 2
  m_Modification:
    m_TransformParent: {fileID: 0}
    m_Modifications: []
    m_RemovedComponents: []
  m_ParentPrefab: {fileID: 0}
  m_RootGameObject: {fileID: 188426}
  m_IsPrefabParent: 1
